@book { the_ruby_way,
        author = "Hal Fulton",
        publisher = "Addison-Wesley",
        title = "The Ruby Way: Solutions and Techniques in Ruby Programming, Second Edition",
        year = "2006"
}

@book { the_ruby_programming_language,
        author = "David Flanagan and Yukihiro Matsumoto",
        publisher = "O'Reilly",
        title = "The Ruby Programming Language",
        year = "2008"
}

@book { ruby_pocket_reference,
        author = "Michael Fitzgerald",
        publisher = "O'Reilly",
        title = "Ruby - Pocket Reference",
        year = "2007"
}

@misc { interview_with_matz,
        note = "\url{http://linuxdevcenter.com/pub/a/linux/2001/11/29/ruby.html}"
}

@misc { rubinius_official_site,
        note = "\url{http://rubini.us/}"
}

@misc { maglev_official_site,
        note = "\url{http://ruby.gemstone.com/}"
}

@misc { ruby_official_website,
        note = "\url{http://www.ruby-lang.org/}",
        year = 2009,
        author = "www.ruby-lang.org"
}

@book { rails_nutshell_reference,
        author = "Michael Fitzgerald",
        publisher = "O'Reilly",
        title = "Ruby - Pocket Reference",
        year = "2007"
}

@book{ cms_bible,
    author = {Bob Boiko}, 
    title = {Content Management Bible, 2nd edition},
    year = {2005}, 
    publisher = {Wiley Publishing},
}

@book{ choosing_open_source_cms,
    author = {Nirav Mehta}, 
    title = {Choosing an Open Source CMS},
    year = {2009}, 
    publisher = {Packt Publishing},
}

@misc{ content_management_eu,
  title = "Enterprise Content Management",
  note  = "\url{http://www.contentmanager.eu.com/}"
}

@misc{ navita,
  title = "O que Ã© CMS?",
  note  = "\url{http://www.navita.com.br/portal/newsroom/definicoes/cms.html}"
}

@misc{ what_is_cms,
  title = "What is a CMS?",
  note  = "\url{http://www.cmscritic.com/what-is-a-cms/}"
}

@misc{ radiant_website,
  note  = "\url{http://radiantcms.org/}"
}






